@misc{rust-language,
	title = {The Rust Programming Language},
	url   = {https://www.rust-lang.org/},
	key   = {RL}
}

@inproceedings{821514,
	author    = {Cowan, C. and Wagle, F. and Calton Pu and Beattie, S. and Walpole, J.},
	booktitle = {Proceedings DARPA Information Survivability Conference and Exposition},
	title     = {Buffer overflows: attacks and defenses for the vulnerability of the decade},
	year      = {2000},
	volume    = {2},
	pages     = {119-129 vol.2},
	doi       = {10.1109/DISCEX.2000.821514}
}

@misc{c15safe,
	author = {Robert Clipsham},
	title  = {Safe, Correct, and Fast Low-Level Networking},
	year   = {2015}
}

@misc{rfc793,
	author       = {Jon Postel},
	title        = {Transmission Control Protocol},
	year         = 1981,
	howpublished = {RFC 793},
	publisher    = {RFC Editor},
	number       = 793,
	url          = {https://www.rfc-editor.org/info/rfc793},
	doi          = {10.17487/RFC0793}
}
